@misc{roll_pitch_yaw_camera,
	title	= "DJI Mobile SDK Documentation",
	author	= "DJI",
	url		= "https://developer.dji.com/mobile-sdk/documentation/introduction/component-guide-gimbal.html"
}

@misc{website:primbal_session,
	author	= "Velocirotor",
	title	= "Primbal Session - 3 Axis Brushless Gimbal for GoPro Session",
	month	= "February",
	year	= "2018",
	url		= "www.thingiverse.com/thing:2804872"
} 
% Creative Commons - Attribution

@article{kalman1960new,
  title={A new approach to linear filtering and prediction problems},
  author={Kalman, Rudolph Emil},
  journal={Journal of basic Engineering},
  volume={82},
  number={1},
  pages={35--45},
  year={1960},
  publisher={American Society of Mechanical Engineers}
}

@misc{website:wlu_kalman_tutorial,
	title={Kalman Filtering Tutorial},
	author={Levy, Simon D.},
	url={https://home.wlu.edu/~levys/kalman_tutorial/}
}

@misc{website:bzarg_kalman_tutorial,
	title={How a Kalman Filter works, in pictures},
	author={Babb, Tim},
	url={https://www.bzarg.com/p/how-a-kalman-filter-works-in-pictures/}
}

@misc{website:definition_track,
	title={Oxford Dictionaries definition of 'track'},
	url={https://en.oxforddictionaries.com/definition/track}
}

@misc{website:definition_automation,
	title={Oxford Dictionaries definition of 'automation'},
	url={https://en.oxforddictionaries.com/definition/automatic}
}

@misc{website:definition_real_time,
	title={Oxford Dictionaries definition of 'real time'},
	url={https://en.oxforddictionaries.com/definition/real_time}
}

@misc{website:definition_computer_vision,
	title={Techopedia definition of 'computer vision'},
	url={https://www.techopedia.com/definition/32309/computer-vision}
}

@misc{website:setosa_kernel,
	title={Image Kernels Explained Visually},
	author={Powell, Victor}
	url={http://setosa.io/ev/image-kernels/}
}

